
@article{Poth2023Adapters,
  title={Adapters: A Unified Library for Parameter-Efficient and Modular Transfer Learning},
  author={Clifton Poth and Hannah Sterz and Indraneil Paul and Sukannya Purkayastha and Leon Engländer and Timo Imhof and Ivan Vulić and Sebastian Ruder and Iryna Gurevych and Jonas Pfeiffer},
  year={2023},
  eprint={2311.11077},
  archivePrefix={arXiv},
  primaryClass={cs.CL},
  note={EMNLP 2023: Systems Demonstrations}
}




@article{Houlsby2019,
  title={Parameter-Efficient Transfer Learning for NLP},
  author={Neil Houlsby and Andrei Giurgiu and Stanislaw Jastrzebski and Bruna Morrone and Quentin de Laroussilhe and Andrea Gesmundo and Mona Attariyan and Sylvain Gelly},
  year={2019},
  eprint={1902.00751},
  archivePrefix={arXiv},
  primaryClass={cs.LG},
  doi={10.48550/arXiv.1902.00751},
  url={https://doi.org/10.48550/arXiv.1902.00751}
}

@article{Mao2022UniPELT,
  title={UniPELT: A Unified Framework for Parameter-Efficient Language Model Tuning},
  author={Yuning Mao and Lambert Mathias and Rui Hou and Amjad Almahairi and Hao Ma and Jiawei Han and Wen-tau Yih and Madian Khabsa},
  year={2022},
  eprint={2110.07577},
  archivePrefix={arXiv},
  primaryClass={cs.CL},
  doi={10.48550/arXiv.2110.07577},
  url={https://doi.org/10.48550/arXiv.2110.07577},
  note={ACL 2022 (with typo fixes)}
}

@article{Gururangan2020DontStop,
  title={Don't Stop Pretraining: Adapt Language Models to Domains and Tasks},
  author={Suchin Gururangan and Ana Marasović and Swabha Swayamdipta and Kyle Lo and Iz Beltagy and Doug Downey and Noah A. Smith},
  year={2020},
  eprint={2004.10964},
  archivePrefix={arXiv},
  primaryClass={cs.CL},
  doi={10.48550/arXiv.2004.10964},
  url={https://doi.org/10.48550/arXiv.2004.10964},
  note={arXiv preprint. Presented at ACL 2020}
}


@article{Liu2019RoBERTa,
  title={RoBERTa: A Robustly Optimized BERT Pretraining Approach},
  author={Yinhan Liu and Myle Ott and Naman Goyal and Jingfei Du and Mandar Joshi and Danqi Chen and Omer Levy and Mike Lewis and Luke Zettlemoyer and Veselin Stoyanov},
  year={2019},
  eprint={1907.11692},
  archivePrefix={arXiv},
  primaryClass={cs.CL},
  doi={10.48550/arXiv.1907.11692},
  url={https://doi.org/10.48550/arXiv.1907.11692}
}


@article{Devlin2018BERT,
  title={BERT: Pre-training of Deep Bidirectional Transformers for Language Understanding},
  author={Jacob Devlin and Ming-Wei Chang and Kenton Lee and Kristina Toutanova},
  year={2018},
  eprint={1810.04805},
  archivePrefix={arXiv},
  primaryClass={cs.CL},
  doi={10.48550/arXiv.1810.04805},
  url={https://doi.org/10.48550/arXiv.1810.04805}
}


@article{Li2021PrefixTuning,
  title={Prefix-Tuning: Optimizing Continuous Prompts for Generation},
  author={Xiang Lisa Li and Percy Liang},
  year={2021},
  eprint={2101.00190},
  archivePrefix={arXiv},
  primaryClass={cs.CL},
  doi={10.48550/arXiv.2101.00190},
  url={https://doi.org/10.48550/arXiv.2101.00190}
}

@article{Hu2021LoRA,
  title={LoRA: Low-Rank Adaptation of Large Language Models},
  author={Edward J. Hu and Yelong Shen and Phillip Wallis and Zeyuan Allen-Zhu and Yuanzhi Li and Shean Wang and Lu Wang and Weizhu Chen},
  year={2021},
  eprint={2106.09685},
  archivePrefix={arXiv},
  primaryClass={cs.CL},
  doi={10.48550/arXiv.2106.09685},
  url={https://doi.org/10.48550/arXiv.2106.09685}
}

@article{Pfeiffer2020MADX,
  title={MAD-X: An Adapter-Based Framework for Multi-Task Cross-Lingual Transfer},
  author={Jonas Pfeiffer and Ivan Vulić and Iryna Gurevych and Sebastian Ruder},
  year={2020},
  eprint={2005.00052},
  archivePrefix={arXiv},
  primaryClass={cs.CL},
  doi={10.48550/arXiv.2005.00052},
  url={https://doi.org/10.48550/arXiv.2005.00052},
  note={EMNLP 2020}
}

@misc{UniPELTissue674,
  title={UNIPELT implementation issue},
  author={GitHub},
  year={2022},
  howpublished={\url{https://github.com/adapter-hub/adapters/issues/674}},
  note={Accessed: 2023-04-18}
}

@article{DBLP,
  author       = {Pranav Rajpurkar and
                  Robin Jia and
                  Percy Liang},
  title        = {Know What You Don't Know: Unanswerable Questions for SQuAD},
  journal      = {CoRR},
  volume       = {abs/1806.03822},
  year         = {2018},
  url          = {http://arxiv.org/abs/1806.03822},
  eprinttype    = {arXiv},
  eprint       = {1806.03822},
  timestamp    = {Mon, 13 Aug 2018 16:48:21 +0200},
  biburl       = {https://dblp.org/rec/journals/corr/abs-1806-03822.bib},
  bibsource    = {dblp computer science bibliography, https://dblp.org}
}


@inproceedings{Wang2019GLUE,
  title={GLUE: A Multi-Task Benchmark and Analysis Platform for Natural Language Understanding},
  author={Alex Wang and Amanpreet Singh and Julian Michael and Felix Hill and Omer Levy and Samuel R. Bowman},
  booktitle={International Conference on Learning Representations (ICLR)},
  year={2019},
  eprint={1804.07461},
  archivePrefix={arXiv},
  primaryClass={cs.CL},
  doi={10.48550/arXiv.1804.07461},
  url={https://doi.org/10.48550/arXiv.1804.07461}
}

@article{liu2022fewshot,
      title={Few-Shot Parameter-Efficient Fine-Tuning is Better and Cheaper than In-Context Learning}, 
      author={Haokun Liu and Derek Tam and Mohammed Muqeeth and Jay Mohta and Tenghao Huang and Mohit Bansal and Colin Raffel},
      year={2022},
      eprint={2205.05638},
      archivePrefix={arXiv},
      primaryClass={cs.LG}
}

@article{Kringelum2016,
  title = {ChemProt-3.0: a global chemical biology diseases mapping},
  volume = {2016},
  ISSN = {1758-0463},
  url = {http://dx.doi.org/10.1093/database/bav123},
  DOI = {10.1093/database/bav123},
  journal = {Database},
  publisher = {Oxford University Press (OUP)},
  author = {Kringelum,  Jens and Kjaerulff,  Sonny Kim and Brunak,  Søren and Lund,  Ole and Oprea,  Tudor I. and Taboureau,  Olivier},
  year = {2016},
  pages = {bav123}
}

@inproceedings{dernoncourt-lee-2017-pubmed,
    title = "{P}ub{M}ed 200k {RCT}: a Dataset for Sequential Sentence Classification in Medical Abstracts",
    author = "Dernoncourt, Franck  and
      Lee, Ji Young",
    editor = "Kondrak, Greg  and
      Watanabe, Taro",
    booktitle = "Proceedings of the Eighth International Joint Conference on Natural Language Processing (Volume 2: Short Papers)",
    month = nov,
    year = "2017",
    address = "Taipei, Taiwan",
    publisher = "Asian Federation of Natural Language Processing",
    url = "https://aclanthology.org/I17-2052",
    pages = "308--313",
    abstract = "",
}

@article{jurgens-etal-2018-measuring,
    title = "Measuring the Evolution of a Scientific Field through Citation Frames",
    author = "Jurgens, David  and
      Kumar, Srijan  and
      Hoover, Raine  and
      McFarland, Dan  and
      Jurafsky, Dan",
    editor = "Lee, Lillian  and
      Johnson, Mark  and
      Toutanova, Kristina  and
      Roark, Brian",
    journal = "Transactions of the Association for Computational Linguistics",
    volume = "6",
    year = "2018",
    address = "Cambridge, MA",
    publisher = "MIT Press",
    url = "https://aclanthology.org/Q18-1028",
    doi = "10.1162/tacl_a_00028",
    pages = "391--406",
    abstract = "",
}

@inproceedings{luan-etal-2018-multi,
    title = "Multi-Task Identification of Entities, Relations, and Coreference for Scientific Knowledge Graph Construction",
    author = "Luan, Yi  and
      He, Luheng  and
      Ostendorf, Mari  and
      Hajishirzi, Hannaneh",
    editor = "Riloff, Ellen  and
      Chiang, David  and
      Hockenmaier, Julia  and
      Tsujii, Jun{'}ichi",
    booktitle = "Proceedings of the 2018 Conference on Empirical Methods in Natural Language Processing",
    month = oct # "-" # nov,
    year = "2018",
    address = "Brussels, Belgium",
    publisher = "Association for Computational Linguistics",
    url = "https://aclanthology.org/D18-1360",
    doi = "10.18653/v1/D18-1360",
    pages = "3219--3232",
    abstract = "",
}

@inproceedings{kiesel-etal-2019-semeval,
    title = "{S}em{E}val-2019 Task 4: Hyperpartisan News Detection",
    author = "Kiesel, Johannes  and
      Mestre, Maria  and
      Shukla, Rishabh  and
      Vincent, Emmanuel  and
      Adineh, Payam  and
      Corney, David  and
      Stein, Benno  and
      Potthast, Martin",
    editor = "May, Jonathan  and
      Shutova, Ekaterina  and
      Herbelot, Aurelie  and
      Zhu, Xiaodan  and
      Apidianaki, Marianna  and
      Mohammad, Saif M.",
    booktitle = "Proceedings of the 13th International Workshop on Semantic Evaluation",
    month = jun,
    year = "2019",
    address = "Minneapolis, Minnesota, USA",
    publisher = "Association for Computational Linguistics",
    url = "https://aclanthology.org/S19-2145",
    doi = "10.18653/v1/S19-2145",
    pages = "829--839",
    abstract = "",
}

@article{zhang2019,
  author       = {Xuan Zhang and
                  Pamela Shapiro and
                  Gaurav Kumar and
                  Paul McNamee and
                  Marine Carpuat and
                  Kevin Duh},
  title        = {Curriculum Learning for Domain Adaptation in Neural Machine Translation},
  journal      = {CoRR},
  volume       = {abs/1905.05816},
  year         = {2019},
  url          = {http://arxiv.org/abs/1905.05816},
  eprinttype    = {arXiv},
  eprint       = {1905.05816},
  timestamp    = {Wed, 22 Dec 2021 08:35:29 +0100},
  biburl       = {https://dblp.org/rec/journals/corr/abs-1905-05816.bib},
  bibsource    = {dblp computer science bibliography, https://dblp.org}
}

@article{McAuley2015,
  author       = {Julian J. McAuley and
                  Christopher Targett and
                  Qinfeng Shi and
                  Anton van den Hengel},
  title        = {Image-based Recommendations on Styles and Substitutes},
  journal      = {CoRR},
  volume       = {abs/1506.04757},
  year         = {2015},
  url          = {http://arxiv.org/abs/1506.04757},
  eprinttype    = {arXiv},
  eprint       = {1506.04757},
  timestamp    = {Mon, 13 Aug 2018 16:46:37 +0200},
  biburl       = {https://dblp.org/rec/journals/corr/McAuleyTSH15.bib},
  bibsource    = {dblp computer science bibliography, https://dblp.org}
}

@inproceedings{maas-etal-2011-learning,
    title = "Learning Word Vectors for Sentiment Analysis",
    author = "Maas, Andrew L.  and
      Daly, Raymond E.  and
      Pham, Peter T.  and
      Huang, Dan  and
      Ng, Andrew Y.  and
      Potts, Christopher",
    editor = "Lin, Dekang  and
      Matsumoto, Yuji  and
      Mihalcea, Rada",
    booktitle = "Proceedings of the 49th Annual Meeting of the Association for Computational Linguistics: Human Language Technologies",
    month = jun,
    year = "2011",
    address = "Portland, Oregon, USA",
    publisher = "Association for Computational Linguistics",
    url = "https://aclanthology.org/P11-1015",
    pages = "142--150",
}


@misc{HuggingFaceQACourse,
  title={Question Answering Course},
  author={Hugging Face},
  year={2024},
  howpublished={Hugging Face Course},
  url={https://huggingface.co/learn/nlp-course/en/chapter7/7}
}
