@article{kesgin2024introducing,
  title   = {Introducing cosmosGPT: Monolingual Training for Turkish Language Models},
  author  = {Kesgin, H Toprak and Yuce, M Kaan and Dogan, Eren and Uzun, M Egemen and Uz, Atahan and Seyrek, H Emre and Zeer, Ahmed and Amasyali, M Fatih},
  journal = {arXiv preprint arXiv:2404.17336},
  year    = {2024}
}
@article{richardson2007beautiful,
  title   = {Beautiful soup documentation},
  author  = {Richardson, Leonard},
  journal = {April},
  year    = {2007}
}

\end{filecontents}