
% Journals

% First the Full Name is given, then the abbreviation used in the AMS Math
% Reviews, with an indication if it could not be found there.
% Note the 2nd overwrites the 1st, so swap them if you want the full name.

 %{AMS}
 @String{AMSTrans = "American Mathematical Society Translations" }
 @String{AMSTrans = "Amer. Math. Soc. Transl." }
 @String{BullAMS = "Bulletin of the American Mathematical Society" }
 @String{BullAMS = "Bull. Amer. Math. Soc." }
 @String{ProcAMS = "Proceedings of the American Mathematical Society" }
 @String{ProcAMS = "Proc. Amer. Math. Soc." }
 @String{TransAMS = "Transactions of the American Mathematical Society" }
 @String{TransAMS = "Trans. Amer. Math. Soc." }

 %ACM
 @String{CACM = "Communications of the {ACM}" }
 @String{CACM = "Commun. {ACM}" }
 @String{CompServ = "Comput. Surveys" }
 @String{JACM = "J. ACM" }
 @String{ACMMathSoft = "{ACM} Transactions on Mathematical Software" }
 @String{ACMMathSoft = "{ACM} Trans. Math. Software" }
 @String{SIGNUM = "{ACM} {SIGNUM} Newsletter" }
 @String{SIGNUM = "{ACM} {SIGNUM} Newslett." }

 @String{AmerSocio = "American Journal of Sociology" }
 @String{AmerStatAssoc = "Journal of the American Statistical Association" }
 @String{AmerStatAssoc = "J. Amer. Statist. Assoc." }
 @String{ApplMathComp = "Applied Mathematics and Computation" }
 @String{ApplMathComp = "Appl. Math. Comput." }
 @String{AmerMathMonthly = "American Mathematical Monthly" }
 @String{AmerMathMonthly = "Amer. Math. Monthly" }
 @String{BIT = "{BIT}" }
 @String{BritStatPsych = "British Journal of Mathematical and Statistical
          Psychology" }
 @String{BritStatPsych = "Brit. J. Math. Statist. Psych." }
 @String{CanMathBull = "Canadian Mathematical Bulletin" }
 @String{CanMathBull = "Canad. Math. Bull." }
 @String{CompApplMath = "Journal of Computational and Applied Mathematics" }
 @String{CompApplMath = "J. Comput. Appl. Math." }
 @String{CompPhys = "Journal of Computational Physics" }
 @String{CompPhys = "J. Comput. Phys." }
 @String{CompStruct = "Computers and Structures" }
 @String{CompStruct = "Comput. \& Structures" }
 @String{CompJour = "The Computer Journal" }
 @String{CompJour = "Comput. J." }
 @String{CompSysSci = "Journal of Computer and System Sciences" }
 @String{CompSysSci = "J. Comput. System Sci." }
 @String{Computing = "Computing" }
 @String{ContempMath = "Contemporary Mathematics" }
 @String{ContempMath = "Contemp. Math." }
 @String{Crelle = "Crelle's Journal" }
 @String{GiornaleMath = "Giornale di Mathematiche" }
 @String{GiornaleMath = "Giorn. Mat." } % didn't find in AMS MR., ibid.

 %IEEE
 @String{Computer = "{IEEE} Computer" }
 @String{IEEETransComp = "{IEEE} Transactions on Computers" }
 @String{IEEETransComp = "{IEEE} Trans. Comput." }
 @String{IEEETransAC = "{IEEE} Transactions on Automatic Control" }
 @String{IEEETransAC = "{IEEE} Trans. Automat. Control" }
 @String{IEEESpec = "{IEEE} Spectrum" } % didn't find in AMS MR
 @String{ProcIEEE = "Proceedings of the {IEEE}" }
 @String{ProcIEEE = "Proc. {IEEE}" } % didn't find in AMS MR
 @String{IEEETransAeroElec = "{IEEE} Transactions on Aerospace and Electronic
     Systems" }
 @String{IEEETransAeroElec = "{IEEE} Trans. Aerospace Electron. Systems" }

 @String{IMANumerAna = "{IMA} Journal of Numerical Analysis" }
 @String{IMANumerAna = "{IMA} J. Numer. Anal." }
 @String{InfProcLet = "Information Processing Letters" }
 @String{InfProcLet = "Inform. Process. Lett." }
 @String{InstMathApp = "Journal of the Institute of Mathematics and
     its Applications" }
 @String{InstMathApp = "J. Inst. Math. Appl." }
 @String{IntControl = "International Journal of Control" }
 @String{IntControl = "Internat. J. Control" }
 @String{IntNumerEng = "International Journal for Numerical Methods in
     Engineering" }
 @String{IntNumerEng = "Internat. J. Numer. Methods Engrg." }
 @String{IntSuper = "International Journal of Supercomputing Applications" }
 @String{IntSuper = "Internat. J. Supercomputing Applic." } % didn't find
%% in AMS MR
 @String{Kibernetika = "Kibernetika" }
 @String{JResNatBurStand = "Journal of Research of the National Bureau
     of Standards" }
 @String{JResNatBurStand = "J. Res. Nat. Bur. Standards" }
 @String{LinAlgApp = "Linear Algebra and its Applications" }
 @String{LinAlgApp = "Linear Algebra Appl." }
 @String{MathAnaAppl = "Journal of Mathematical Analysis and Applications" }
 @String{MathAnaAppl = "J. Math. Anal. Appl." }
 @String{MathAnnalen = "Mathematische Annalen" }
 @String{MathAnnalen = "Math. Ann." }
 @String{MathPhys = "Journal of Mathematical Physics" }
 @String{MathPhys = "J. Math. Phys." }
 @String{MathComp = "Mathematics of Computation" }
 @String{MathComp = "Math. Comp." }
 @String{MathScand = "Mathematica Scandinavica" }
 @String{MathScand = "Math. Scand." }
 @String{TablesAidsComp = "Mathematical Tables and Other Aids to Computation" }
 @String{TablesAidsComp = "Math. Tables Aids Comput." }
 @String{NumerMath = "Numerische Mathematik" }
 @String{NumerMath = "Numer. Math." }
 @String{PacificMath = "Pacific Journal of Mathematics" }
 @String{PacificMath = "Pacific J. Math." }
 @String{ParDistComp = "Journal of Parallel and Distributed Computing" }
 @String{ParDistComp = "J. Parallel and Distrib. Comput." } % didn't find
%% in AMS MR
 @String{ParComputing = "Parallel Computing" }
 @String{ParComputing = "Parallel Comput." }
 @String{PhilMag = "Philosophical Magazine" }
 @String{PhilMag = "Philos. Mag." }
 @String{ProcNAS = "Proceedings of the National Academy of Sciences
                    of the USA" }
 @String{ProcNAS = "Proc. Nat. Acad. Sci. U. S. A." }
 @String{Psychometrika = "Psychometrika" }
 @String{QuartMath = "Quarterly Journal of Mathematics, Oxford, Series (2)" }
 @String{QuartMath = "Quart. J. Math. Oxford Ser. (2)" }
 @String{QuartApplMath = "Quarterly of Applied Mathematics" }
 @String{QuartApplMath = "Quart. Appl. Math." }
 @String{RevueInstStat = "Review of the International Statisical Institute" }
 @String{RevueInstStat = "Rev. Inst. Internat. Statist." }

 %SIAM
 @String{JSIAM = "Journal of the Society for Industrial and Applied
     Mathematics" }
 @String{JSIAM = "J. Soc. Indust. Appl. Math." }
 @String{JSIAMB = "Journal of the Society for Industrial and Applied
     Mathematics, Series B, Numerical Analysis" }
 @String{JSIAMB = "J. Soc. Indust. Appl. Math. Ser. B Numer. Anal." }
 @String{SIAMAlgMeth = "{SIAM} Journal on Algebraic and Discrete Methods" }
 @String{SIAMAlgMeth = "{SIAM} J. Algebraic Discrete Methods" }
 @String{SIAMAppMath = "{SIAM} Journal on Applied Mathematics" }
 @String{SIAMAppMath = "{SIAM} J. Appl. Math." }
 @String{SIAMComp = "{SIAM} Journal on Computing" }
 @String{SIAMComp = "{SIAM} J. Comput." }
 @String{SIAMMatrix = "{SIAM} Journal on Matrix Analysis and Applications" }
 @String{SIAMMatrix = "{SIAM} J. Matrix Anal. Appl." }
 @String{SIAMNumAnal = "{SIAM} Journal on Numerical Analysis" }
 @String{SIAMNumAnal = "{SIAM} J. Numer. Anal." }
 @String{SIAMReview = "{SIAM} Review" }
 @String{SIAMReview = "{SIAM} Rev." }
 @String{SIAMSciStat = "{SIAM} Journal on Scientific and Statistical
     Computing" }
 @String{SIAMSciStat = "{SIAM} J. Sci. Statist. Comput." }

 @String{SoftPracExp = "Software Practice and Experience" }
 @String{SoftPracExp = "Software Prac. Experience" } % didn't find in AMS MR
 @String{StatScience = "Statistical Science" }
 @String{StatScience = "Statist. Sci." }
 @String{Techno = "Technometrics" }
 @String{USSRCompMathPhys = "{USSR} Computational Mathematics and Mathematical
     Physics" }
 @String{USSRCompMathPhys = "{U. S. S. R.} Comput. Math. and Math. Phys." }
 @String{VLSICompSys = "Journal of {VLSI} and Computer Systems" }
 @String{VLSICompSys = "J. {VLSI} Comput. Syst." }
 @String{ZAngewMathMech = "Zeitschrift fur Angewandte Mathematik und
     Mechanik" }
 @String{ZAngewMathMech = "Z. Angew. Math. Mech." }
 @String{ZAngewMathPhys = "Zeitschrift fur Angewandte Mathematik und Physik" }
 @String{ZAngewMathPhys = "Z. Angew. Math. Phys." }

% Publishers % ================================================= |

 @String{Academic = "Academic Press" }
 @String{ACMPress = "{ACM} Press" }
 @String{AdamHilger = "Adam Hilger" }
 @String{AddisonWesley = "Addison-Wesley" }
 @String{AllynBacon = "Allyn and Bacon" }
 @String{AMS = "American Mathematical Society" }
 @String{Birkhauser = "Birkha{\"u}ser" }
 @String{CambridgePress = "Cambridge University Press" }
 @String{Chelsea = "Chelsea" }
 @String{ClaredonPress = "Claredon Press" }
 @String{DoverPub = "Dover Publications" }
 @String{Eyolles = "Eyolles" }
 @String{HoltRinehartWinston = "Holt, Rinehart and Winston" }
 @String{Interscience = "Interscience" }
 @String{JohnsHopkinsPress = "The Johns Hopkins University Press" }
 @String{JohnWileySons = "John Wiley and Sons" }
 @String{Macmillan = "Macmillan" }
 @String{MathWorks = "The Math Works Inc." }
 @String{McGrawHill = "McGraw-Hill" }
 @String{NatBurStd = "National Bureau of Standards" }
 @String{NorthHolland = "North-Holland" }
 @String{OxfordPress = "Oxford University Press" }  %address Oxford or London?
 @String{PergamonPress = "Pergamon Press" }
 @String{PlenumPress = "Plenum Press" }
 @String{PrenticeHall = "Prentice-Hall" }
 @String{SIAMPub = "{SIAM} Publications" }
 @String{Springer = "Springer-Verlag" }
 @String{TexasPress = "University of Texas Press" }
 @String{VanNostrand = "Van Nostrand" }
 @String{WHFreeman = "W. H. Freeman and Co." }

%Entries

@inproceedings{DBLP:conf/emnlp/SachanLJAYPZ22,
  author       = {Devendra Singh Sachan and
                  Mike Lewis and
                  Mandar Joshi and
                  Armen Aghajanyan and
                  Wen{-}tau Yih and
                  Joelle Pineau and
                  Luke Zettlemoyer},
  title        = {Improving Passage Retrieval with Zero-Shot Question Generation},
  booktitle    = {{EMNLP}},
  pages        = {3781--3797},
  publisher    = {Association for Computational Linguistics},
  year         = {2022}
}

@inproceedings{DBLP:conf/emnlp/KarpukhinOMLWEC20,
  author       = {Vladimir Karpukhin and
                  Barlas Oguz and
                  Sewon Min and
                  Patrick S. H. Lewis and
                  Ledell Wu and
                  Sergey Edunov and
                  Danqi Chen and
                  Wen{-}tau Yih},
  title        = {Dense Passage Retrieval for Open-Domain Question Answering},
  booktitle    = {{EMNLP}},
  pages        = {6769--6781},
  publisher    = {Association for Computational Linguistics},
  year         = {2020}
}

@inproceedings{DBLP:conf/acl/SachanPSKPHC20,
  author       = {Devendra Singh Sachan and
                  Mostofa Patwary and
                  Mohammad Shoeybi and
                  Neel Kant and
                  Wei Ping and
                  William L. Hamilton and
                  Bryan Catanzaro},
  title        = {End-to-End Training of Neural Retrievers for Open-Domain Question
                  Answering},
  booktitle    = {{ACL/IJCNLP}},
  pages        = {6648--6662},
  publisher    = {Association for Computational Linguistics},
  year         = {2021}
}

@article{DBLP:journals/tmlr/IzacardCHRBJG22,
  author       = {Gautier Izacard and
                  Mathilde Caron and
                  Lucas Hosseini and
                  Sebastian Riedel and
                  Piotr Bojanowski and
                  Armand Joulin and
                  Edouard Grave},
  title        = {Unsupervised Dense Information Retrieval with Contrastive Learning},
  journal      = {Trans. Mach. Learn. Res.},
  volume       = {2022},
  year         = {2022}
}

@inproceedings{DBLP:conf/acl/JoshiCWZ17,
  author       = {Mandar Joshi and
                  Eunsol Choi and
                  Daniel S. Weld and
                  Luke Zettlemoyer},
  editor       = {Regina Barzilay and
                  Min{-}Yen Kan},
  title        = {TriviaQA: {A} Large Scale Distantly Supervised Challenge Dataset for
                  Reading Comprehension},
  booktitle    = {{ACL}},
  pages        = {1601--1611},
  publisher    = {Association for Computational Linguistics},
  year         = {2017}
}

@article{DBLP:journals/ftir/RobertsonZ09,
  author       = {Stephen E. Robertson and
                  Hugo Zaragoza},
  title        = {The Probabilistic Relevance Framework: {BM25} and Beyond},
  journal      = {Found. Trends Inf. Retr.},
  volume       = {3},
  number       = {4},
  pages        = {333--389},
  year         = {2009}
}

@article{DBLP:journals/corr/abs-2307-08303,
  author       = {Zhiyuan Peng and
                  Xuyang Wu and
                  Yi Fang},
  title        = {Soft Prompt Tuning for Augmenting Dense Retrieval with Large Language
                  Models},
  journal      = {CoRR},
  volume       = {abs/2307.08303},
  year         = {2023}
}

@inproceedings{DBLP:conf/emnlp/RajpurkarZLL16,
  author       = {Pranav Rajpurkar and
                  Jian Zhang and
                  Konstantin Lopyrev and
                  Percy Liang},
  title        = {SQuAD: 100, 000+ Questions for Machine Comprehension of Text},
  booktitle    = {{EMNLP}},
  pages        = {2383--2392},
  publisher    = {The Association for Computational Linguistics},
  year         = {2016}
}

@article{DBLP:journals/tacl/KwiatkowskiPRCP19,
  author       = {Tom Kwiatkowski and
                  Jennimaria Palomaki and
                  Olivia Redfield and
                  Michael Collins and
                  Ankur P. Parikh and
                  Chris Alberti and
                  Danielle Epstein and
                  Illia Polosukhin and
                  Jacob Devlin and
                  Kenton Lee and
                  Kristina Toutanova and
                  Llion Jones and
                  Matthew Kelcey and
                  Ming{-}Wei Chang and
                  Andrew M. Dai and
                  Jakob Uszkoreit and
                  Quoc Le and
                  Slav Petrov},
  title        = {Natural Questions: a Benchmark for Question Answering Research},
  journal      = {Trans. Assoc. Comput. Linguistics},
  volume       = {7},
  pages        = {452--466},
  year         = {2019}
}

@article{DBLP:journals/corr/abs-2307-09288,
  author       = {Hugo Touvron and
                  Louis Martin and
                  Kevin Stone and
                  Peter Albert and
                  Amjad Almahairi and
                  Yasmine Babaei and
                  Nikolay Bashlykov and
                  Soumya Batra and
                  Prajjwal Bhargava and
                  Shruti Bhosale and
                  Dan Bikel and
                  Lukas Blecher and
                  Cristian Canton{-}Ferrer and
                  Moya Chen and
                  Guillem Cucurull and
                  David Esiobu and
                  Jude Fernandes and
                  Jeremy Fu and
                  Wenyin Fu and
                  Brian Fuller and
                  Cynthia Gao and
                  Vedanuj Goswami and
                  Naman Goyal and
                  Anthony Hartshorn and
                  Saghar Hosseini and
                  Rui Hou and
                  Hakan Inan and
                  Marcin Kardas and
                  Viktor Kerkez and
                  Madian Khabsa and
                  Isabel Kloumann and
                  Artem Korenev and
                  Punit Singh Koura and
                  Marie{-}Anne Lachaux and
                  Thibaut Lavril and
                  Jenya Lee and
                  Diana Liskovich and
                  Yinghai Lu and
                  Yuning Mao and
                  Xavier Martinet and
                  Todor Mihaylov and
                  Pushkar Mishra and
                  Igor Molybog and
                  Yixin Nie and
                  Andrew Poulton and
                  Jeremy Reizenstein and
                  Rashi Rungta and
                  Kalyan Saladi and
                  Alan Schelten and
                  Ruan Silva and
                  Eric Michael Smith and
                  Ranjan Subramanian and
                  Xiaoqing Ellen Tan and
                  Binh Tang and
                  Ross Taylor and
                  Adina Williams and
                  Jian Xiang Kuan and
                  Puxin Xu and
                  Zheng Yan and
                  Iliyan Zarov and
                  Yuchen Zhang and
                  Angela Fan and
                  Melanie Kambadur and
                  Sharan Narang and
                  Aur{\'{e}}lien Rodriguez and
                  Robert Stojnic and
                  Sergey Edunov and
                  Thomas Scialom},
  title        = {Llama 2: Open Foundation and Fine-Tuned Chat Models},
  journal      = {CoRR},
  volume       = {abs/2307.09288},
  year         = {2023}
}

@article{DBLP:journals/corr/abs-2104-05740,
  author       = {Xueguang Ma and
                  Kai Sun and
                  Ronak Pradeep and
                  Jimmy Lin},
  title        = {A Replication Study of Dense Passage Retriever},
  journal      = {CoRR},
  volume       = {abs/2104.05740},
  year         = {2021}
}

@inproceedings{DBLP:conf/icml/GuuLTPC20,
  author       = {Kelvin Guu and
                  Kenton Lee and
                  Zora Tung and
                  Panupong Pasupat and
                  Ming{-}Wei Chang},
  title        = {Retrieval Augmented Language Model Pre-Training},
  booktitle    = {Proceedings of the 37th International Conference on Machine Learning,
                  {ICML} 2020, 13-18 July 2020, Virtual Event},
  series       = {Proceedings of Machine Learning Research},
  volume       = {119},
  pages        = {3929--3938},
  publisher    = {{PMLR}},
  year         = {2020}
}

@inproceedings{DBLP:conf/nips/BrownMRSKDNSSAA20,
  author       = {Tom B. Brown and
                  Benjamin Mann and
                  Nick Ryder and
                  Melanie Subbiah and
                  Jared Kaplan and
                  Prafulla Dhariwal and
                  Arvind Neelakantan and
                  Pranav Shyam and
                  Girish Sastry and
                  Amanda Askell and
                  Sandhini Agarwal and
                  Ariel Herbert{-}Voss and
                  Gretchen Krueger and
                  Tom Henighan and
                  Rewon Child and
                  Aditya Ramesh and
                  Daniel M. Ziegler and
                  Jeffrey Wu and
                  Clemens Winter and
                  Christopher Hesse and
                  Mark Chen and
                  Eric Sigler and
                  Mateusz Litwin and
                  Scott Gray and
                  Benjamin Chess and
                  Jack Clark and
                  Christopher Berner and
                  Sam McCandlish and
                  Alec Radford and
                  Ilya Sutskever and
                  Dario Amodei},
  title        = {Language Models are Few-Shot Learners},
  booktitle    = {{NeurIPS}},
  year         = {2020}
}

@inproceedings{DBLP:conf/acl/LewisLGGMLSZ20,
  author       = {Mike Lewis and
                  Yinhan Liu and
                  Naman Goyal and
                  Marjan Ghazvininejad and
                  Abdelrahman Mohamed and
                  Omer Levy and
                  Veselin Stoyanov and
                  Luke Zettlemoyer},
  title        = {{BART:} Denoising Sequence-to-Sequence Pre-training for Natural Language
                  Generation, Translation, and Comprehension},
  booktitle    = {Proceedings of the 58th Annual Meeting of the Association for Computational
                  Linguistics, {ACL} 2020, Online, July 5-10, 2020},
  pages        = {7871--7880},
  publisher    = {{ACL}},
  year         = {2020}
}

@inproceedings{DBLP:conf/emnlp/SantosMNHX20,
  author       = {C{\'{\i}}cero Nogueira dos Santos and
                  Xiaofei Ma and
                  Ramesh Nallapati and
                  Zhiheng Huang and
                  Bing Xiang},
  title        = {Beyond {[CLS]} through Ranking by Generation},
  booktitle    = {{EMNLP}},
  pages        = {1722--1727},
  publisher    = {Association for Computational Linguistics},
  year         = {2020}
}

@inproceedings{DBLP:conf/emnlp/NogueiraJPL20,
  author       = {Rodrigo Frassetto Nogueira and
                  Zhiying Jiang and
                  Ronak Pradeep and
                  Jimmy Lin},
  title        = {Document Ranking with a Pretrained Sequence-to-Sequence Model},
  booktitle    = {{EMNLP}},
  series       = {Findings of {ACL}},
  volume       = {{EMNLP} 2020},
  pages        = {708--718},
  publisher    = {Association for Computational Linguistics},
  year         = {2020}
}

@inproceedings{DBLP:conf/acl/LiL20,
  author       = {Xiang Lisa Li and
                  Percy Liang},
  title        = {Prefix-Tuning: Optimizing Continuous Prompts for Generation},
  booktitle    = {{ACL/IJCNLP}},
  pages        = {4582--4597},
  publisher    = {Association for Computational Linguistics},
  year         = {2021}
}

@Misc{peft,
  title =        {PEFT: State-of-the-art Parameter-Efficient Fine-Tuning methods},
  author =       {Sourab Mangrulkar and Sylvain Gugger and Lysandre Debut and Younes Belkada and Sayak Paul},
  howpublished = {\url{https://github.com/huggingface/peft}},
  year =         {2022}
}

@inproceedings{DBLP:journals/corr/KingmaB14,
  author       = {Diederik P. Kingma and
                  Jimmy Ba},
  title        = {Adam: {A} Method for Stochastic Optimization},
  booktitle    = {3rd International Conference on Learning Representations, {ICLR} 2015,
                  San Diego, CA, USA, May 7-9, 2015, Conference Track Proceedings},
  year         = {2015}
}

@article{DBLP:journals/corr/abs-1905-12322,
  author       = {Dhiraj D. Kalamkar and
                  Dheevatsa Mudigere and
                  Naveen Mellempudi and
                  Dipankar Das and
                  Kunal Banerjee and
                  Sasikanth Avancha and
                  Dharma Teja Vooturi and
                  Nataraj Jammalamadaka and
                  Jianyu Huang and
                  Hector Yuen and
                  Jiyan Yang and
                  Jongsoo Park and
                  Alexander Heinecke and
                  Evangelos Georganas and
                  Sudarshan Srinivasan and
                  Abhisek Kundu and
                  Misha Smelyanskiy and
                  Bharat Kaul and
                  Pradeep Dubey},
  title        = {A Study of {BFLOAT16} for Deep Learning Training},
  journal      = {CoRR},
  volume       = {abs/1905.12322},
  year         = {2019}
}

@inproceedings{DBLP:conf/nips/Thakur0RSG21,
  author       = {Nandan Thakur and
                  Nils Reimers and
                  Andreas R{\"{u}}ckl{\'{e}} and
                  Abhishek Srivastava and
                  Iryna Gurevych},
  title        = {{BEIR:} {A} Heterogeneous Benchmark for Zero-shot Evaluation of Information
                  Retrieval Models},
  booktitle    = {Proceedings of the Neural Information Processing Systems Track on
                  Datasets and Benchmarks 1, NeurIPS Datasets and Benchmarks 2021, December
                  2021, virtual},
  year         = {2021}
}

@article{DBLP:journals/corr/abs-2308-07107,
  author       = {Yutao Zhu and
                  Huaying Yuan and
                  Shuting Wang and
                  Jiongnan Liu and
                  Wenhan Liu and
                  Chenlong Deng and
                  Zhicheng Dou and
                  Ji{-}Rong Wen},
  title        = {Large Language Models for Information Retrieval: {A} Survey},
  journal      = {CoRR},
  volume       = {abs/2308.07107},
  year         = {2023}
}

@article{DBLP:journals/corr/abs-2211-09110,
  author       = {Percy Liang and
                  Rishi Bommasani and
                  Tony Lee and
                  Dimitris Tsipras and
                  Dilara Soylu and
                  Michihiro Yasunaga and
                  Yian Zhang and
                  Deepak Narayanan and
                  Yuhuai Wu and
                  Ananya Kumar and
                  Benjamin Newman and
                  Binhang Yuan and
                  Bobby Yan and
                  Ce Zhang and
                  Christian Cosgrove and
                  Christopher D. Manning and
                  Christopher R{\'{e}} and
                  Diana Acosta{-}Navas and
                  Drew A. Hudson and
                  Eric Zelikman and
                  Esin Durmus and
                  Faisal Ladhak and
                  Frieda Rong and
                  Hongyu Ren and
                  Huaxiu Yao and
                  Jue Wang and
                  Keshav Santhanam and
                  Laurel J. Orr and
                  Lucia Zheng and
                  Mert Y{\"{u}}ksekg{\"{o}}n{\"{u}}l and
                  Mirac Suzgun and
                  Nathan Kim and
                  Neel Guha and
                  Niladri S. Chatterji and
                  Omar Khattab and
                  Peter Henderson and
                  Qian Huang and
                  Ryan Chi and
                  Sang Michael Xie and
                  Shibani Santurkar and
                  Surya Ganguli and
                  Tatsunori Hashimoto and
                  Thomas Icard and
                  Tianyi Zhang and
                  Vishrav Chaudhary and
                  William Wang and
                  Xuechen Li and
                  Yifan Mai and
                  Yuhui Zhang and
                  Yuta Koreeda},
  title        = {Holistic Evaluation of Language Models},
  journal      = {CoRR},
  volume       = {abs/2211.09110},
  year         = {2022}
}

@inproceedings{DBLP:conf/acl/ChoJSP23,
  author       = {Sukmin Cho and
                  Soyeong Jeong and
                  Jeongyeon Seo and
                  Jong C. Park},
  title        = {Discrete Prompt Optimization via Constrained Generation for Zero-shot
                  Re-ranker},
  booktitle    = {Findings of the Association for Computational Linguistics: {ACL} 2023,
                  Toronto, Canada, July 9-14, 2023},
  pages        = {960--971},
  publisher    = {Association for Computational Linguistics},
  year         = {2023}
}

@article{DBLP:journals/corr/abs-2304-09542,
  author       = {Weiwei Sun and
                  Lingyong Yan and
                  Xinyu Ma and
                  Pengjie Ren and
                  Dawei Yin and
                  Zhaochun Ren},
  title        = {Is ChatGPT Good at Search? Investigating Large Language Models as
                  Re-Ranking Agent},
  journal      = {CoRR},
  volume       = {abs/2304.09542},
  year         = {2023}
}

@article{DBLP:journals/corr/abs-2306-17563,
  author       = {Zhen Qin and
                  Rolf Jagerman and
                  Kai Hui and
                  Honglei Zhuang and
                  Junru Wu and
                  Jiaming Shen and
                  Tianqi Liu and
                  Jialu Liu and
                  Donald Metzler and
                  Xuanhui Wang and
                  Michael Bendersky},
  title        = {Large Language Models are Effective Text Rankers with Pairwise Ranking
                  Prompting},
  journal      = {CoRR},
  volume       = {abs/2306.17563},
  year         = {2023}
}

@article{pradeep2023rankvicuna,
  title={RankVicuna: Zero-Shot Listwise Document Reranking with Open-Source Large Language Models},
  author={Pradeep, Ronak and Sharifymoghaddam, Sahel and Lin, Jimmy},
  journal={arXiv preprint arXiv:2309.15088},
  year={2023}
}

@inproceedings{DBLP:conf/emnlp/KrishnaCWI22,
  author       = {Kalpesh Krishna and
                  Yapei Chang and
                  John Wieting and
                  Mohit Iyyer},
  editor       = {Yoav Goldberg and
                  Zornitsa Kozareva and
                  Yue Zhang},
  title        = {RankGen: Improving Text Generation with Large Ranking Models},
  booktitle    = {{EMNLP}},
  pages        = {199--232},
  publisher    = {Association for Computational Linguistics},
  year         = {2022}
}

@inproceedings{DBLP:conf/sigir/Zhuang0J0MLNWB23,
  author       = {Honglei Zhuang and
                  Zhen Qin and
                  Rolf Jagerman and
                  Kai Hui and
                  Ji Ma and
                  Jing Lu and
                  Jianmo Ni and
                  Xuanhui Wang and
                  Michael Bendersky},
  title        = {RankT5: Fine-Tuning {T5} for Text Ranking with Ranking Losses},
  booktitle    = {{SIGIR}},
  pages        = {2308--2313},
  publisher    = {{ACM}},
  year         = {2023}
}

@article{DBLP:journals/corr/abs-2207-07087,
  author       = {Weng Lam Tam and
                  Xiao Liu and
                  Kaixuan Ji and
                  Lilong Xue and
                  Xingjian Zhang and
                  Yuxiao Dong and
                  Jiahua Liu and
                  Maodi Hu and
                  Jie Tang},
  title        = {Parameter-Efficient Prompt Tuning Makes Generalized and Calibrated
                  Neural Text Retrievers},
  journal      = {CoRR},
  volume       = {abs/2207.07087},
  year         = {2022}
}

@article{DBLP:journals/corr/abs-2304-08467,
  author       = {Jesse Mu and
                  Xiang Lisa Li and
                  Noah D. Goodman},
  title        = {Learning to Compress Prompts with Gist Tokens},
  journal      = {CoRR},
  volume       = {abs/2304.08467},
  year         = {2023}
}

@article{DBLP:journals/jmlr/RaffelSRLNMZLL20,
  author       = {Colin Raffel and
                  Noam Shazeer and
                  Adam Roberts and
                  Katherine Lee and
                  Sharan Narang and
                  Michael Matena and
                  Yanqi Zhou and
                  Wei Li and
                  Peter J. Liu},
  title        = {Exploring the Limits of Transfer Learning with a Unified Text-to-Text
                  Transformer},
  journal      = {J. Mach. Learn. Res.},
  volume       = {21},
  pages        = {140:1--140:67},
  year         = {2020}
}

@inproceedings{DBLP:conf/emnlp/LesterAC21,
  author       = {Brian Lester and
                  Rami Al{-}Rfou and
                  Noah Constant},
  title        = {The Power of Scale for Parameter-Efficient Prompt Tuning},
  booktitle    = {{EMNLP}},
  pages        = {3045--3059},
  publisher    = {Association for Computational Linguistics},
  year         = {2021}
}

@inproceedings{DBLP:conf/acl/0016TYXS022,
  author       = {Jie Zhou and
                  Le Tian and
                  Houjin Yu and
                  Zhou Xiao and
                  Hui Su and
                  Jie Zhou},
  title        = {Dual Context-Guided Continuous Prompt Tuning for Few-Shot Learning},
  booktitle    = {Findings of the Association for Computational Linguistics: {ACL} 2022,
                  Dublin, Ireland, May 22-27, 2022},
  pages        = {79--84},
  publisher    = {Association for Computational Linguistics},
  year         = {2022}
}

@inproceedings{DBLP:conf/iclr/WangPKF0K23,
  author       = {Zhen Wang and
                  Rameswar Panda and
                  Leonid Karlinsky and
                  Rog{\'{e}}rio Feris and
                  Huan Sun and
                  Yoon Kim},
  title        = {Multitask Prompt Tuning Enables Parameter-Efficient Transfer Learning},
  booktitle    = {{ICLR}},
  publisher    = {OpenReview.net},
  year         = {2023}
}

@article{DBLP:journals/corr/abs-2305-09025,
  author       = {Zhiqi Huang and
                  Hansi Zeng and
                  Hamed Zamani and
                  James Allan},
  title        = {Soft Prompt Decoding for Multilingual Dense Retrieval},
  journal      = {CoRR},
  volume       = {abs/2305.09025},
  year         = {2023}
}

@inproceedings{DBLP:conf/coling/TangWY22,
  author       = {Zhengyang Tang and
                  Benyou Wang and
                  Ting Yao},
  title        = {{DPTDR:} Deep Prompt Tuning for Dense Passage Retrieval},
  booktitle    = {{COLING}},
  pages        = {1193--1202},
  publisher    = {International Committee on Computational Linguistics},
  year         = {2022}
}

@misc{openai2023gpt4,
      title={GPT-4 Technical Report}, 
      author={OpenAI},
      year={2023},
      eprint={2303.08774},
      archivePrefix={arXiv},
      primaryClass={cs.CL}
}

@misc{Introduc57:online,
author = {},
title = {Introducing ChatGPT},
howpublished = {\url{https://openai.com/blog/chatgpt}},
month = {},
year = {},
note = {(Accessed on 10/03/2023)}
}

@inproceedings{DBLP:conf/iclr/SanhWRBSACSRDBX22,
  author       = {Victor Sanh and
                  Albert Webson and
                  Colin Raffel and
                  Stephen H. Bach and
                  Lintang Sutawika and
                  Zaid Alyafeai and
                  Antoine Chaffin and
                  Arnaud Stiegler and
                  Arun Raja and
                  Manan Dey and
                  M Saiful Bari and
                  Canwen Xu and
                  Urmish Thakker and
                  Shanya Sharma Sharma and
                  Eliza Szczechla and
                  Taewoon Kim and
                  Gunjan Chhablani and
                  Nihal V. Nayak and
                  Debajyoti Datta and
                  Jonathan Chang and
                  Mike Tian{-}Jian Jiang and
                  Han Wang and
                  Matteo Manica and
                  Sheng Shen and
                  Zheng Xin Yong and
                  Harshit Pandey and
                  Rachel Bawden and
                  Thomas Wang and
                  Trishala Neeraj and
                  Jos Rozen and
                  Abheesht Sharma and
                  Andrea Santilli and
                  Thibault F{\'{e}}vry and
                  Jason Alan Fries and
                  Ryan Teehan and
                  Teven Le Scao and
                  Stella Biderman and
                  Leo Gao and
                  Thomas Wolf and
                  Alexander M. Rush},
  title        = {Multitask Prompted Training Enables Zero-Shot Task Generalization},
  booktitle    = {The Tenth International Conference on Learning Representations, {ICLR}
                  2022, Virtual Event, April 25-29, 2022},
  publisher    = {OpenReview.net},
  year         = {2022}
}

@misc{VicunaAn52:online,
author = {},
title = {Vicuna: An Open-Source Chatbot Impressing GPT-4 with 90\%* ChatGPT Quality | LMSYS Org},
howpublished = {\url{https://lmsys.org/blog/2023-03-30-vicuna/}},
month = {},
year = {},
note = {(Accessed on 10/03/2023)}
}

@article{radford2019language,
  title={Language models are unsupervised multitask learners},
  author={Radford, Alec and Wu, Jeffrey and Child, Rewon and Luan, David and Amodei, Dario and Sutskever, Ilya and others},
  journal={OpenAI blog},
  volume={1},
  number={8},
  pages={9},
  year={2019}
}

@article{ma2023zero,
  title={Zero-Shot Listwise Document Reranking with a Large Language Model},
  author={Ma, Xueguang and Zhang, Xinyu and Pradeep, Ronak and Lin, Jimmy},
  journal={arXiv preprint arXiv:2305.02156},
  year={2023}
}

@article{brown2020language,
  title={Language models are few-shot learners},
  author={Brown, Tom and Mann, Benjamin and Ryder, Nick and Subbiah, Melanie and Kaplan, Jared D and Dhariwal, Prafulla and Neelakantan, Arvind and Shyam, Pranav and Sastry, Girish and Askell, Amanda and others},
  journal={Advances in neural information processing systems},
  volume={33},
  pages={1877--1901},
  year={2020}
}

@inproceedings{DBLP:conf/emnlp/Zhuang0KZ23,
  author       = {Shengyao Zhuang and
                  Bing Liu and
                  Bevan Koopman and
                  Guido Zuccon},
  title        = {Open-source Large Language Models are Strong Zero-shot Query Likelihood
                  Models for Document Ranking},
  booktitle    = {{EMNLP}},
  pages        = {8807--8817},
  publisher    = {Association for Computational Linguistics},
  year         = {2023}
}

@inproceedings{DBLP:conf/ictir/LesotaRCGES21,
  author       = {Oleg Lesota and
                  Navid Rekabsaz and
                  Daniel Cohen and
                  Klaus Antonius Grasserbauer and
                  Carsten Eickhoff and
                  Markus Schedl},
  title        = {A Modern Perspective on Query Likelihood with Deep Generative Retrieval
                  Models},
  booktitle    = {{ICTIR}},
  pages        = {185--195},
  publisher    = {{ACM}},
  year         = {2021}
}

@article{DBLP:journals/corr/abs-1910-14424,
  author       = {Rodrigo Frassetto Nogueira and
                  Wei Yang and
                  Kyunghyun Cho and
                  Jimmy Lin},
  title        = {Multi-Stage Document Ranking with {BERT}},
  journal      = {CoRR},
  volume       = {abs/1910.14424},
  year         = {2019},
  url          = {http://arxiv.org/abs/1910.14424},
  eprinttype    = {arXiv}
}

@inproceedings{DBLP:conf/sigir/JuYW21,
  author       = {Jia{-}Huei Ju and
                  Jheng{-}Hong Yang and
                  Chuan{-}Ju Wang},
  title        = {Text-to-Text Multi-view Learning for Passage Re-ranking},
  booktitle    = {{SIGIR}},
  pages        = {1803--1807},
  publisher    = {{ACM}},
  year         = {2021}
}

@article{DBLP:journals/corr/abs-2101-05667,
  author       = {Ronak Pradeep and
                  Rodrigo Frassetto Nogueira and
                  Jimmy Lin},
  title        = {The Expando-Mono-Duo Design Pattern for Text Ranking with Pretrained
                  Sequence-to-Sequence Models},
  journal      = {CoRR},
  volume       = {abs/2101.05667},
  year         = {2021}
}

@article{DBLP:journals/corr/abs-2310-08319,
  author       = {Xueguang Ma and
                  Liang Wang and
                  Nan Yang and
                  Furu Wei and
                  Jimmy Lin},
  title        = {Fine-Tuning LLaMA for Multi-Stage Text Retrieval},
  journal      = {CoRR},
  volume       = {abs/2310.08319},
  year         = {2023}
}

@inproceedings{DBLP:conf/naacl/DevlinCLT19,
  author       = {Jacob Devlin and
                  Ming{-}Wei Chang and
                  Kenton Lee and
                  Kristina Toutanova},
  title        = {{BERT:} Pre-training of Deep Bidirectional Transformers for Language
                  Understanding},
  booktitle    = {{NAACL-HLT}},
  pages        = {4171--4186},
  publisher    = {Association for Computational Linguistics},
  year         = {2019}
}

@article{DBLP:journals/corr/abs-2310-14122,
  author       = {Honglei Zhuang and
                  Zhen Qin and
                  Kai Hui and
                  Junru Wu and
                  Le Yan and
                  Xuanhui Wang and
                  Michael Bendersky},
  title        = {Beyond Yes and No: Improving Zero-Shot {LLM} Rankers via Scoring Fine-Grained
                  Relevance Labels},
  journal      = {CoRR},
  volume       = {abs/2310.14122},
  year         = {2023}
}

@inproceedings{DBLP:conf/emnlp/0001YMWRCYR23,
  author       = {Weiwei Sun and
                  Lingyong Yan and
                  Xinyu Ma and
                  Shuaiqiang Wang and
                  Pengjie Ren and
                  Zhumin Chen and
                  Dawei Yin and
                  Zhaochun Ren},
  title        = {Is ChatGPT Good at Search? Investigating Large Language Models as
                  Re-Ranking Agents},
  booktitle    = {{EMNLP}},
  pages        = {14918--14937},
  publisher    = {Association for Computational Linguistics},
  year         = {2023}
}

@article{DBLP:journals/corr/abs-2305-02156,
  author       = {Xueguang Ma and
                  Xinyu Zhang and
                  Ronak Pradeep and
                  Jimmy Lin},
  title        = {Zero-Shot Listwise Document Reranking with a Large Language Model},
  journal      = {CoRR},
  volume       = {abs/2305.02156},
  year         = {2023}
}

@article{DBLP:journals/corr/abs-2310-07712,
  author       = {Raphael Tang and
                  Xinyu Zhang and
                  Xueguang Ma and
                  Jimmy Lin and
                  Ferhan Ture},
  title        = {Found in the Middle: Permutation Self-Consistency Improves Listwise
                  Ranking in Large Language Models},
  journal      = {CoRR},
  volume       = {abs/2310.07712},
  year         = {2023}
}

@article{DBLP:journals/corr/abs-2312-12148,
  author       = {Lingling Xu and
                  Haoran Xie and
                  Si{-}Zhao Joe Qin and
                  Xiaohui Tao and
                  Fu Lee Wang},
  title        = {Parameter-Efficient Fine-Tuning Methods for Pretrained Language Models:
                  {A} Critical Review and Assessment},
  journal      = {CoRR},
  volume       = {abs/2312.12148},
  year         = {2023}
}

@inproceedings{DBLP:conf/cikm/MaGZFC22,
  author       = {Xinyu Ma and
                  Jiafeng Guo and
                  Ruqing Zhang and
                  Yixing Fan and
                  Xueqi Cheng},
  title        = {Scattered or Connected? An Optimized Parameter-efficient Tuning Approach
                  for Information Retrieval},
  booktitle    = {{CIKM}},
  pages        = {1471--1480},
  publisher    = {{ACM}},
  year         = {2022}
}

@inproceedings{DBLP:conf/iclr/HuSWALWWC22,
  author       = {Edward J. Hu and
                  Yelong Shen and
                  Phillip Wallis and
                  Zeyuan Allen{-}Zhu and
                  Yuanzhi Li and
                  Shean Wang and
                  Lu Wang and
                  Weizhu Chen},
  title        = {LoRA: Low-Rank Adaptation of Large Language Models},
  booktitle    = {{ICLR}},
  publisher    = {OpenReview.net},
  year         = {2022}
}

@inproceedings{DBLP:conf/icml/HoulsbyGJMLGAG19,
  author       = {Neil Houlsby and
                  Andrei Giurgiu and
                  Stanislaw Jastrzebski and
                  Bruna Morrone and
                  Quentin de Laroussilhe and
                  Andrea Gesmundo and
                  Mona Attariyan and
                  Sylvain Gelly},
  title        = {Parameter-Efficient Transfer Learning for {NLP}},
  booktitle    = {{ICML}},
  series       = {Proceedings of Machine Learning Research},
  volume       = {97},
  pages        = {2790--2799},
  publisher    = {{PMLR}},
  year         = {2019}
}

@article{DBLP:journals/corr/abs-2103-10385,
  author       = {Xiao Liu and
                  Yanan Zheng and
                  Zhengxiao Du and
                  Ming Ding and
                  Yujie Qian and
                  Zhilin Yang and
                  Jie Tang},
  title        = {{GPT} Understands, Too},
  journal      = {CoRR},
  volume       = {abs/2103.10385},
  year         = {2021}
}

@inproceedings{DBLP:conf/nips/RebuffiBV17,
  author       = {Sylvestre{-}Alvise Rebuffi and
                  Hakan Bilen and
                  Andrea Vedaldi},
  title        = {Learning multiple visual domains with residual adapters},
  booktitle    = {{NIPS}},
  pages        = {506--516},
  year         = {2017}
}

@inproceedings{DBLP:conf/coling/LitschkoVG22,
  author       = {Robert Litschko and
                  Ivan Vulic and
                  Goran Glavas},
  title        = {Parameter-Efficient Neural Reranking for Cross-Lingual and Multilingual
                  Retrieval},
  booktitle    = {{COLING}},
  pages        = {1071--1082},
  publisher    = {International Committee on Computational Linguistics},
  year         = {2022}
}

@inproceedings{DBLP:conf/coling/TangWY22,
  author       = {Zhengyang Tang and
                  Benyou Wang and
                  Ting Yao},
  title        = {{DPTDR:} Deep Prompt Tuning for Dense Passage Retrieval},
  booktitle    = {{COLING}},
  pages        = {1193--1202},
  publisher    = {International Committee on Computational Linguistics},
  year         = {2022}
}

@article{DBLP:journals/csur/LiuYFJHN23,
  author       = {Pengfei Liu and
                  Weizhe Yuan and
                  Jinlan Fu and
                  Zhengbao Jiang and
                  Hiroaki Hayashi and
                  Graham Neubig},
  title        = {Pre-train, Prompt, and Predict: {A} Systematic Survey of Prompting
                  Methods in Natural Language Processing},
  journal      = {{ACM} Comput. Surv.},
  volume       = {55},
  number       = {9},
  pages        = {195:1--195:35},
  year         = {2023}
}

@inproceedings{DBLP:conf/www/JungCR22,
  author       = {Euna Jung and
                  Jaekeol Choi and
                  Wonjong Rhee},
  title        = {Semi-Siamese Bi-encoder Neural Ranking Model Using Lightweight Fine-Tuning},
  booktitle    = {{WWW}},
  pages        = {502--511},
  publisher    = {{ACM}},
  year         = {2022}
}

@inproceedings{DBLP:conf/ecir/PalLDC23,
  author       = {Vaishali Pal and
                  Carlos Lassance and
                  Herv{\'{e}} D{\'{e}}jean and
                  St{\'{e}}phane Clinchant},
  title        = {Parameter-Efficient Sparse Retrievers and Rerankers Using Adapters},
  booktitle    = {{ECIR}},
  series       = {Lecture Notes in Computer Science},
  volume       = {13981},
  pages        = {16--31},
  publisher    = {Springer},
  year         = {2023}
}

@inproceedings{DBLP:conf/emnlp/DrozdovZD0RWAIM23,
  author       = {Andrew Drozdov and
                  Honglei Zhuang and
                  Zhuyun Dai and
                  Zhen Qin and
                  Razieh Rahimi and
                  Xuanhui Wang and
                  Dana Alon and
                  Mohit Iyyer and
                  Andrew McCallum and
                  Donald Metzler and
                  Kai Hui},
  title        = {PaRaDe: Passage Ranking using Demonstrations with LLMs},
  booktitle    = {Findings of the Association for Computational Linguistics: {EMNLP}},
  pages        = {14242--14252},
  publisher    = {Association for Computational Linguistics},
  year         = {2023}
}

@inproceedings{DBLP:conf/emnlp/TamLJXLLDT23,
  author       = {Weng Tam and
                  Xiao Liu and
                  Kaixuan Ji and
                  Lilong Xue and
                  Jiahua Liu and
                  Tao Li and
                  Yuxiao Dong and
                  Jie Tang},
  title        = {Parameter-Efficient Prompt Tuning Makes Generalized and Calibrated
                  Neural Text Retrievers},
  booktitle    = {Findings of the Association for Computational Linguistics: {EMNLP}
                  2023, Singapore, December 6-10, 2023},
  pages        = {13117--13130},
  publisher    = {{ACL}},
  year         = {2023}
}

@inproceedings{DBLP:conf/emnlp/BerantCFL13,
  author       = {Jonathan Berant and
                  Andrew Chou and
                  Roy Frostig and
                  Percy Liang},
  title        = {Semantic Parsing on Freebase from Question-Answer Pairs},
  booktitle    = {{EMNLP}},
  pages        = {1533--1544},
  publisher    = {{ACL}},
  year         = {2013}
}

@article{DBLP:journals/corr/abs-2310-06825,
  author       = {Albert Q. Jiang and
                  Alexandre Sablayrolles and
                  Arthur Mensch and
                  Chris Bamford and
                  Devendra Singh Chaplot and
                  Diego de Las Casas and
                  Florian Bressand and
                  Gianna Lengyel and
                  Guillaume Lample and
                  Lucile Saulnier and
                  L{\'{e}}lio Renard Lavaud and
                  Marie{-}Anne Lachaux and
                  Pierre Stock and
                  Teven Le Scao and
                  Thibaut Lavril and
                  Thomas Wang and
                  Timoth{\'{e}}e Lacroix and
                  William El Sayed},
  title        = {Mistral 7B},
  journal      = {CoRR},
  volume       = {abs/2310.06825},
  year         = {2023}
}

@article{DBLP:journals/corr/abs-2312-02724,
  author       = {Ronak Pradeep and
                  Sahel Sharifymoghaddam and
                  Jimmy Lin},
  title        = {RankZephyr: Effective and Robust Zero-Shot Listwise Reranking is a
                  Breeze!},
  journal      = {CoRR},
  volume       = {abs/2312.02724},
  year         = {2023}
}

@article{DBLP:journals/tmlr/WeiTBRZBYBZMCHVLDF22,
  author       = {Jason Wei and
                  Yi Tay and
                  Rishi Bommasani and
                  Colin Raffel and
                  Barret Zoph and
                  Sebastian Borgeaud and
                  Dani Yogatama and
                  Maarten Bosma and
                  Denny Zhou and
                  Donald Metzler and
                  Ed H. Chi and
                  Tatsunori Hashimoto and
                  Oriol Vinyals and
                  Percy Liang and
                  Jeff Dean and
                  William Fedus},
  title        = {Emergent Abilities of Large Language Models},
  journal      = {Trans. Mach. Learn. Res.},
  volume       = {2022},
  year         = {2022}
}

@inproceedings{Radford2019LanguageMA,
  title={Language Models are Unsupervised Multitask Learners},
  author={Alec Radford and Jeff Wu and Rewon Child and David Luan and Dario Amodei and Ilya Sutskever},
  year={2019},
  url={https://api.semanticscholar.org/CorpusID:160025533}
}

@article{DBLP:journals/corr/abs-2302-13971,
  author       = {Hugo Touvron and
                  Thibaut Lavril and
                  Gautier Izacard and
                  Xavier Martinet and
                  Marie{-}Anne Lachaux and
                  Timoth{\'{e}}e Lacroix and
                  Baptiste Rozi{\`{e}}re and
                  Naman Goyal and
                  Eric Hambro and
                  Faisal Azhar and
                  Aur{\'{e}}lien Rodriguez and
                  Armand Joulin and
                  Edouard Grave and
                  Guillaume Lample},
  title        = {LLaMA: Open and Efficient Foundation Language Models},
  journal      = {CoRR},
  volume       = {abs/2302.13971},
  year         = {2023}
}

@article{DBLP:journals/corr/abs-2305-07001,
  author       = {Junjie Zhang and
                  Ruobing Xie and
                  Yupeng Hou and
                  Wayne Xin Zhao and
                  Leyu Lin and
                  Ji{-}Rong Wen},
  title        = {Recommendation as Instruction Following: {A} Large Language Model
                  Empowered Recommendation Approach},
  journal      = {CoRR},
  volume       = {abs/2305.07001},
  year         = {2023}
}

@article{DBLP:journals/corr/abs-2305-08845,
  author       = {Yupeng Hou and
                  Junjie Zhang and
                  Zihan Lin and
                  Hongyu Lu and
                  Ruobing Xie and
                  Julian J. McAuley and
                  Wayne Xin Zhao},
  title        = {Large Language Models are Zero-Shot Rankers for Recommender Systems},
  journal      = {CoRR},
  volume       = {abs/2305.08845},
  year         = {2023}
}

@article{DBLP:journals/corr/abs-2306-10933,
  author       = {Yunjia Xi and
                  Weiwen Liu and
                  Jianghao Lin and
                  Jieming Zhu and
                  Bo Chen and
                  Ruiming Tang and
                  Weinan Zhang and
                  Rui Zhang and
                  Yong Yu},
  title        = {Towards Open-World Recommendation with Knowledge Augmentation from
                  Large Language Models},
  journal      = {CoRR},
  volume       = {abs/2306.10933},
  year         = {2023}
}

@article{DBLP:journals/corr/abs-2303-17564,
  author       = {Shijie Wu and
                  Ozan Irsoy and
                  Steven Lu and
                  Vadim Dabravolski and
                  Mark Dredze and
                  Sebastian Gehrmann and
                  Prabhanjan Kambadur and
                  David S. Rosenberg and
                  Gideon Mann},
  title        = {BloombergGPT: {A} Large Language Model for Finance},
  journal      = {CoRR},
  volume       = {abs/2303.17564},
  year         = {2023}
}

@article{DBLP:journals/corr/abs-2311-05112,
  author       = {Hongjian Zhou and
                  Boyang Gu and
                  Xinyu Zou and
                  Yiru Li and
                  Sam S. Chen and
                  Peilin Zhou and
                  Junling Liu and
                  Yining Hua and
                  Chengfeng Mao and
                  Xian Wu and
                  Zheng Li and
                  Fenglin Liu},
  title        = {A Survey of Large Language Models in Medicine: Progress, Application,
                  and Challenge},
  journal      = {CoRR},
  volume       = {abs/2311.05112},
  year         = {2023}
}

@inproceedings{khattab2020colbert,
  title={Colbert: Efficient and effective passage search via contextualized late interaction over bert},
  author={Khattab, Omar and Zaharia, Matei},
  booktitle    = {{SIGIR}},
  pages={39--48},
publisher    = {{ACM}},
  year={2020}
}

@article{DBLP:journals/corr/abs-2309-01219,
  author       = {Yue Zhang and
                  Yafu Li and
                  Leyang Cui and
                  Deng Cai and
                  Lemao Liu and
                  Tingchen Fu and
                  Xinting Huang and
                  Enbo Zhao and
                  Yu Zhang and
                  Yulong Chen and
                  Longyue Wang and
                  Anh Tuan Luu and
                  Wei Bi and
                  Freda Shi and
                  Shuming Shi},
  title        = {Siren's Song in the {AI} Ocean: {A} Survey on Hallucination in Large
                  Language Models},
  journal      = {CoRR},
  volume       = {abs/2309.01219},
  year         = {2023}
}

@article{DBLP:journals/corr/abs-2309-09055,
  author       = {Simeng Sun and
                  Dhawal Gupta and
                  Mohit Iyyer},
  title        = {Exploring the impact of low-rank adaptation on the performance, efficiency,
                  and regularization of {RLHF}},
  journal      = {CoRR},
  volume       = {abs/2309.09055},
  year         = {2023}
}
